@book{ref1,
  title={Sorting Algorithms: Sorting Algorithm, Merge Sort, Radix Sort, Insertion Sort, Heapsort, Selection Sort, Shell Sort, Bucket Sort},
  author={Wikipedia, S. and LLC Books},
  isbn={9781157567905},
  url={https://books.google.com.mx/books?id=VfU4bwAACAAJ},
  year={2010},
  publisher={General Books LLC}
}